@Book{neider93:_openg_progr_guide,
  author =	 {Jackie Neider and Tom Davis and Mason Woo },
  title = 	 {OpenGL Programming Guide},
  publisher = 	 {Addison-Wesley Publishing Company },
  year = 	 1993,
  edition =	 1,
  chapter = 5,
  url =  {http://fly.cc.fer.hr/~unreal/theredbook/chapter05.html}
}

@Article{porter84_compos_dig_img,
  author = {Thomas Porter and Tom Duff},
  title = {Compositing digital images},
  journal = {ACM Siggraph Computer Graphics},
  volume = {18},
  year = {1984},
  pages = {253--259},
  doi = {10.1145/964965.808606},
  masid = {883862}
}

